<?xml version="1.0" encoding="UTF-8"?><record xmlns="http://www.loc.gov/MARC21/slim" xmlns:cinclude="http://apache.org/cocoon/include/1.0" xmlns:zs="http://www.loc.gov/zing/srw/">
  <leader>00412nz  a2200133n  4500</leader>
  <controlfield tag="001">n 2008020025</controlfield>
  <controlfield tag="003">DLC</controlfield>
  <controlfield tag="005">20080320080955.0</controlfield>
  <controlfield tag="008">080319n| acannaabn          |n aaa      </controlfield>
  <datafield tag="010" ind1=" " ind2=" ">
    <subfield code="a">n 2008020025</subfield>
  </datafield>
  <datafield tag="040" ind1=" " ind2=" ">
    <subfield code="a">DLC</subfield>
    <subfield code="b">eng</subfield>
    <subfield code="c">DLC</subfield>
  </datafield>
  <datafield tag="100" ind1="1" ind2=" ">
    <subfield code="a">Paulson, Terrance M.</subfield>
  </datafield>
  <datafield tag="667" ind1=" " ind2=" ">
    <subfield code="a">Cannot identify with: no 00080893, Paulson, Terry, 1954-</subfield>
  </datafield>
  <datafield tag="670" ind1=" " ind2=" ">
    <subfield code="a">Intelligence issues and developments, c2008:</subfield>
    <subfield code="b">ECIP t.p. (Terrance M. Paulson)</subfield>
  </datafield>
</record>